% -----------------------------------------------------------------------
% File: CogSci_Template.bib
% -----------------------------------------------------------------------

% Modified : Eli M. Silk (esilk at pitt.edu)            05/24/2005
% Modified : David Noelle (dnoelle at ucmerced.edu)     11/19/2014
@article{vogel2007semantic,
  title={Semantic modeling of natural scenes for content-based image retrieval},
  author={Vogel, Julia and Schiele, Bernt},
  journal={International Journal of Computer Vision},
  volume={72},
  number={2},
  pages={133--157},
  year={2007},
  publisher={Springer}
}
@article{binder2009a,
  title={Where is the semantic system? A critical review and meta-analysis of 120 functional neuroimaging studies},
  author={Binder, Jeffrey R and Desai, Rutvik H and Graves, William W and Conant, Lisa L},
  journal={Cerebral Cortex},
  volume={19},
  number={12},
  pages={2767--2796},
  year={2009},
  publisher={Oxford University Press}
}

@Article{Diedrichsenkriegeskorte2017a,
  title={Representational models: A common framework for understanding encoding, pattern-component, and representational-similarity analysis},
  author={Diedrichsen, J{\"o}rn and Kriegeskorte, Nikolaus},
  journal={PLoS computational biology},
  volume={13},
  number={4},
  pages={e1005508},
  year={2017},
  publisher={Public Library of Science}
}
@Article{KriegeskorteDouglas2018a,
  title={Cognitive computational neuroscience},
  author={Kriegeskorte, Nikolaus and Douglas, Pamela K},
  journal={Nature Neuroscience},
  pages={1},
  year={2018},
  publisher={Nature Publishing Group}
}
@Article{naselariskay2015a,
  title={Resolving ambiguities of MVPA using explicit models of representation},
  author={Naselaris, Thomas and Kay, Kendrick N},
  journal={Trends in cognitive sciences},
  volume={19},
  number={10},
  pages={551--554},
  year={2015},
  publisher={Elsevier}
}
@incollection{bauerneural,
  title={Neural Representations of Concept Knowledge},
  author={Bauer, Andrew James and Just, Marcel Adam},
  booktitle={The \uppercase{O}xford \uppercase{H}andbook of \uppercase{N}eurolinguistics},
  chapter = {21}
}

@article{naselaris2011a,
author = {Naselaris, Thomas and Kay, Kendrick and Nishimoto, Shinji and Gallant, Jack},
year = {2011},
month = {05},
pages = {400-10},
title = {Encoding and decoding in fMRI},
volume = {56},
journal = {NeuroImage},
doi = {10.1016/j.neuroimage.2010.07.073}
}
@article{felsen2006a,
author = {Felsen, Gidon and Dan, Yang},
year = {2006},
month = {01},
pages = {1643-6},
title = {A natural approach to study vision},
volume = {8},
journal = {Nature Neuroscience},
doi = {10.1038/nn1608}
}

@article{mitchell2008predicting,
  title={Predicting human brain activity associated with the meanings of nouns},
  author={Mitchell, Tom M and Shinkareva, Svetlana V and Carlson, Andrew and Chang, Kai-Min and Malave, Vicente L and Mason, Robert A and Just, Marcel Adam},
  journal={science},
  volume={320},
  number={5880},
  pages={1191--1195},
  year={2008},
  publisher={American Association for the Advancement of Science}
}

@inproceedings{mikolov2013a,
  title={Distributed representations of words and phrases and their compositionality},
  author={Mikolov, Tomas and Sutskever, Ilya and Chen, Kai and Corrado, Greg S and Dean, Jeff},
  booktitle={Advances in neural information processing systems},
  pages={3111--3119},
  year={2013}
}
@CONFERENCE{Pennnigton2014a,
  title={Glove: Global vectors for word representation},
  author={Pennington, Jeffrey and Socher, Richard and Manning, Christopher},
  booktitle={Proceedings of the 2014 conference on empirical methods in natural language processing (\uppercase{EMNLP})},
  pages={1532--1543},
  year={2014}
}
@Article{bojanowski2016a,
  title={Enriching word vectors with subword information},
  author={Bojanowski, Piotr and Grave, Edouard and Joulin, Armand and Mikolov, Tomas},
  journal={Transactions of the Association for Computational Linguistics},
  volume={5},
  pages={135--146},
  year={2017},
  publisher={MIT Press}
}

@article{simonyan2014very,
  title={Very deep convolutional networks for large-scale image recognition},
  author={Simonyan, Karen and Zisserman, Andrew},
  journal={arXiv preprint arXiv:1409.1556},
  year={2014}
}

@article{howard2017mobilenets,
  title={Mobilenets: Efficient convolutional neural networks for mobile vision applications},
  author={Howard, Andrew G and Zhu, Menglong and Chen, Bo and Kalenichenko, Dmitry and Wang, Weijun and Weyand, Tobias and Andreetto, Marco and Adam, Hartwig},
  journal={arXiv preprint arXiv:1704.04861},
  year={2017}
}
@inproceedings{huang2017densely,
  title={Densely connected convolutional networks},
  author={Huang, Gao and Liu, Zhuang and Van Der Maaten, Laurens and Weinberger, Kilian Q},
  booktitle={Proceedings of the IEEE conference on computer vision and pattern recognition},
  pages={4700--4708},
  year={2017}
}

@misc{DCC_Uchile,
  author = {F.~Bravo-Marquez and J.~Kubelka},
  title = {spanish-word-embeddings},
  year = {2018},
  publisher = {GitHub},
  journal = {GitHub repository},
  howpublished = {\url{https://tinyurl.com/y47xzh6l}},
  commit = {5f77e5b}
}
@misc{chollet2015,
author = {François Chollet},
title = {keras},
year = {2015},
publisher = {GitHub},
journal = {GitHub repository},
howpublished = {\url{https://tinyurl.com/pna7m6p}},
commit = {5bcac37}
}
@Article{miyawaki2008a,
  title={Visual image reconstruction from human brain activity using a combination of multiscale local image decoders},
  author={Miyawaki, Yoichi and Uchida, Hajime and Yamashita, Okito and Sato, Masa-aki and Morito, Yusuke and Tanabe, Hiroki C and Sadato, Norihiro and Kamitani, Yukiyasu},
  journal={Neuron},
  volume={60},
  number={5},
  pages={915--929},
  year={2008},
  publisher={Elsevier}
}
@article{scikit-learn,
 title={Scikit-learn: Machine Learning in {P}ython},
 author={Pedregosa, F. and Varoquaux, G. and Gramfort, A. and Michel, V.
         and Thirion, B. and Grisel, O. and Blondel, M. and Prettenhofer, P.
         and Weiss, R. and Dubourg, V. and Vanderplas, J. and Passos, A. and
         Cournapeau, D. and Brucher, M. and Perrot, M. and Duchesnay, E.},
 journal={Journal of Machine Learning Research},
 volume={12},
 pages={2825--2830},
 year={2011}
}
@inproceedings{sklearn_api,
  author    = {Lars Buitinck and Gilles Louppe and Mathieu Blondel and Fabian Pedregosa and Andreas Mueller and Olivier Grisel and Vlad Niculae and Peter Prettenhofer and Alexandre Gramfort and Jaques Grobler and Robert Layton and Jake VanderPlas and Arnaud Joly and Brian Holt and Ga{\"{e}}l Varoquaux},
  title     = {{API} design for machine learning software: experiences from the scikit-learn
               project},
  booktitle = {\uppercase{ECML} PKDD Workshop: Languages for Data Mining and Machine Learning},
  year      = {2013},
  pages = {108--122},
}
@inproceedings{yosinski2014transferable,
  title={How transferable are features in deep neural networks?},
  author={Yosinski, Jason and Clune, Jeff and Bengio, Yoshua and Lipson, Hod},
  booktitle={Advances in neural information processing systems},
  pages={3320--3328},
  year={2014}
}
@article{Jia_2014,
   title={Caffe},
   ISBN={9781450330633},
   url={https://tinyurl.com/y6qhfzsr},
   DOI={10.1145/2647868.2654889},
   journal={Proceedings of the ACM International Conference on Multimedia - MM  ’14},
   publisher={ACM Press},
   author={Jia, Yangqing and Shelhamer, Evan and Donahue, Jeff and Karayev, Sergey and Long, Jonathan and Girshick, Ross and Guadarrama, Sergio and Darrell, Trevor},
   year={2014}
}
@article{lecun1998gradient,
  title={Gradient-based learning applied to document recognition},
  author={LeCun, Yann and Bottou, L{\'e}on and Bengio, Yoshua and Haffner, Patrick},
  journal={Proceedings of the IEEE},
  volume={86},
  number={11},
  pages={2278--2324},
  year={1998},
}
@article{little2017using,
  title={Using and understanding cross-validation strategies. Perspectives on Saeb et al.},
  author={Little, Max A and Varoquaux, Gael and Saeb, Sohrab and Lonini, Luca and Jayaraman, Arun and Mohr, David C and Kording, Konrad P},
  journal={GigaScience},
  volume={6},
  number={5},
  pages={gix020},
  year={2017},
  publisher={Oxford University Press}
}
% -----------------------------------------------------------------------
% Document End
% -----------------------------------------------------------------------
