@article{Mitchell2008,
  title={Predicting human brain activity associated with the meanings of nouns},
  author={Mitchell, Tom M and Shinkareva, Svetlana V and Carlson, Andrew and Chang, Kai-Min and Malave, Vicente L and Mason, Robert A and Just, Marcel Adam},
  journal={science},
  volume={320},
  number={5880},
  pages={1191--1195},
  year={2008},
  publisher={American Association for the Advancement of Science}
}
@article{Shinkareva2011,
  doi = {10.1016/j.neuroimage.2010.10.042},
  url = {https://doi.org/10.1016/j.neuroimage.2010.10.042},
  year  = {2011},
  month = {feb},
  publisher = {Elsevier {BV}},
  volume = {54},
  number = {3},
  pages = {2418--2425},
  author = {Svetlana V. Shinkareva and Vicente L. Malave and Robert A. Mason and Tom M. Mitchell and Marcel Adam Just},
  title = {Commonality of neural representations of words and pictures},
  journal = {{NeuroImage}}
}
 @article{Buchweitz2012,
  doi = {10.1016/j.bandl.2011.09.003},
  url = {https://doi.org/10.1016/j.bandl.2011.09.003},
  year  = {2012},
  month = {mar},
  publisher = {Elsevier {BV}},
  volume = {120},
  number = {3},
  pages = {282--289},
  author = {Augusto Buchweitz and Svetlana V. Shinkareva and Robert A. Mason and Tom M. Mitchell and Marcel Adam Just},
  title = {Identifying bilingual semantic neural representations across languages},
  journal = {Brain and Language}
}
@article{Simanova2012,
  doi = {10.1093/cercor/bhs324},
  url = {https://doi.org/10.1093/cercor/bhs324},
  year  = {2012},
  month = {oct},
  publisher = {Oxford University Press ({OUP})},
  volume = {24},
  number = {2},
  pages = {426--434},
  author = {Irina Simanova and Peter Hagoort and Robert Oostenveld and Marcel A. J. van Gerven},
  title = {Modality-Independent Decoding of Semantic Information from the Human Brain},
  journal = {Cerebral Cortex}
}
@article{Huth2016,
  doi = {10.1038/nature17637},
  url = {https://doi.org/10.1038/nature17637},
  year  = {2016},
  month = {apr},
  publisher = {Springer Nature},
  volume = {532},
  number = {7600},
  pages = {453--458},
  author = {Alexander G. Huth and Wendy A. de Heer and Thomas L. Griffiths and Fr{\'{e}}d{\'{e}}ric E. Theunissen and Jack L. Gallant},
  title = {Natural speech reveals the semantic maps that tile human cerebral cortex},
  journal = {Nature}
}
@article{binder2009a,
  title={Where is the semantic system? A critical review and meta-analysis of 120 functional neuroimaging studies},
  author={Binder, Jeffrey R and Desai, Rutvik H and Graves, William W and Conant, Lisa L},
  journal={Cerebral Cortex},
  volume={19},
  number={12},
  pages={2767--2796},
  year={2009},
  publisher={Oxford University Press}
}
@incollection{bauerneural,
  title={Neural Representations of Concept Knowledge},
  author={Bauer, Andrew James and Just, Marcel Adam},
  booktitle={The \uppercase{O}xford \uppercase{H}andbook of \uppercase{N}eurolinguistics},
  chapter = {21}
}
@article{naselaris2011a,
author = {Naselaris, Thomas and Kay, Kendrick and Nishimoto, Shinji and Gallant, Jack},
year = {2011},
month = {05},
pages = {400-10},
title = {Encoding and decoding in fMRI},
volume = {56},
journal = {NeuroImage},
doi = {10.1016/j.neuroimage.2010.07.073}
}
@article{felsen2006a,
author = {Felsen, Gidon and Dan, Yang},
year = {2006},
month = {01},
pages = {1643-6},
title = {A natural approach to study vision},
volume = {8},
journal = {Nature Neuroscience},
doi = {10.1038/nn1608}
}
@inproceedings{mikolov2013a,
  title={Distributed representations of words and phrases and their compositionality},
  author={Mikolov, Tomas and Sutskever, Ilya and Chen, Kai and Corrado, Greg S and Dean, Jeff},
  booktitle={Advances in neural information processing systems},
  pages={3111--3119},
  year={2013}
}
@article{lecun1998gradient,
  title={Gradient-based learning applied to document recognition},
  author={LeCun, Yann and Bottou, L{\'e}on and Bengio, Yoshua and Haffner, Patrick},
  journal={Proceedings of the IEEE},
  volume={86},
  number={11},
  pages={2278--2324},
  year={1998},
}
@article{simonyan2014very,
  title={Very deep convolutional networks for large-scale image recognition},
  author={Simonyan, Karen and Zisserman, Andrew},
  journal={arXiv preprint arXiv:1409.1556},
  year={2014}
}
@Article{Diedrichsenkriegeskorte2017a,
  title={Representational models: A common framework for understanding encoding, pattern-component, and representational-similarity analysis},
  author={Diedrichsen, J{\"o}rn and Kriegeskorte, Nikolaus},
  journal={PLoS computational biology},
  volume={13},
  number={4},
  pages={e1005508},
  year={2017},
  publisher={Public Library of Science}
}
@Article{KriegeskorteDouglas2018a,
  title={Cognitive computational neuroscience},
  author={Kriegeskorte, Nikolaus and Douglas, Pamela K},
  journal={Nature Neuroscience},
  pages={1},
  year={2018},
  publisher={Nature Publishing Group}
}
@Article{naselariskay2015a,
  title={Resolving ambiguities of MVPA using explicit models of representation},
  author={Naselaris, Thomas and Kay, Kendrick N},
  journal={Trends in cognitive sciences},
  volume={19},
  number={10},
  pages={551--554},
  year={2015},
  publisher={Elsevier}
}